<record><leader>00000cas a2200000 a 4500</leader><controlfield tag="001">9330957</controlfield><controlfield tag="008">830321d19391950ohudn ne      0    0cze c</controlfield><datafield ind1=" " ind2=" " tag="010"><subfield code="a">sn 83045067 </subfield></datafield><datafield ind1=" " ind2=" " tag="040"><subfield code="a">CRL</subfield><subfield code="b">eng</subfield><subfield code="c">CRL</subfield><subfield code="d">NPW</subfield><subfield code="d">NPY</subfield><subfield code="d">DLC</subfield><subfield code="d">ONP</subfield><subfield code="d">NVG</subfield><subfield code="d">CRL</subfield><subfield code="d">CVF</subfield><subfield code="d">DLC</subfield><subfield code="d">OCLCQ</subfield><subfield code="d">OCLCF</subfield><subfield code="d">OCLCO</subfield></datafield><datafield ind1="1" ind2=" " tag="029"><subfield code="a">AU@</subfield><subfield code="b">000020399530</subfield></datafield><datafield ind1="0" ind2=" " tag="041"><subfield code="a">czeeng</subfield></datafield><datafield ind1=" " ind2=" " tag="042"><subfield code="a">pcc</subfield></datafield><datafield ind1=" " ind2=" " tag="043"><subfield code="a">n-us-oh</subfield><subfield code="a">e------</subfield></datafield><datafield ind1="0" ind2="0" tag="050"><subfield code="a">Newspaper</subfield></datafield><datafield ind1="0" ind2="0" tag="245"><subfield code="a">Sve&#780;t-Americ&#780;an.</subfield></datafield><datafield ind1=" " ind2=" " tag="260"><subfield code="a">Cleveland, Ohio :</subfield><subfield code="b">Tiskar&#780;ska&#769; a Vydavatelska&#769; Spolec&#780;nost &quot;Sve&#780;t&quot;,</subfield><subfield code="c">[1939-1950]</subfield></datafield><datafield ind1=" " ind2=" " tag="300"><subfield code="a">v. :</subfield><subfield code="b">ill.</subfield></datafield><datafield ind1=" " ind2=" " tag="310"><subfield code="a">Daily (except Sunday)</subfield></datafield><datafield ind1="0" ind2=" " tag="362"><subfield code="a">Roc&#780;. 29, c&#780;i&#769;s. 89 (5 c&#780;erv. 1939)-roc&#780;. 40, c&#780;i&#769;s. 107 (1 c&#780;erven. 1950).</subfield></datafield><datafield ind1=" " ind2=" " tag="530"><subfield code="a">Also issued on microfilm from Ohio Historical Society, Center for Research Libraries, and the Library of Congress Photoduplication Service.</subfield></datafield><datafield ind1=" " ind2=" " tag="546"><subfield code="a">Chiefly Czech; some English.</subfield></datafield><datafield ind1=" " ind2="0" tag="650"><subfield code="a">Czechs</subfield><subfield code="z">United States</subfield><subfield code="v">Newspapers.</subfield></datafield><datafield ind1=" " ind2="0" tag="650"><subfield code="a">Czech American newspapers.</subfield></datafield><datafield ind1=" " ind2="0" tag="651"><subfield code="a">Cleveland (Ohio)</subfield><subfield code="v">Newspapers.</subfield></datafield><datafield ind1=" " ind2="7" tag="655"><subfield code="a">Newspapers.</subfield><subfield code="2">fast</subfield><subfield code="0">(OCoLC)fst01423814</subfield></datafield><datafield ind1=" " ind2="7" tag="650"><subfield code="a">Czech-American newspapers.</subfield><subfield code="2">fast</subfield><subfield code="0">(OCoLC)fst00886452</subfield></datafield><datafield ind1=" " ind2="7" tag="650"><subfield code="a">Czechs.</subfield><subfield code="2">fast</subfield><subfield code="0">(OCoLC)fst00886455</subfield></datafield><datafield ind1=" " ind2="7" tag="651"><subfield code="a">Ohio</subfield><subfield code="z">Cleveland.</subfield><subfield code="2">fast</subfield><subfield code="0">(OCoLC)fst01205966</subfield></datafield><datafield ind1=" " ind2="7" tag="651"><subfield code="a">United States.</subfield><subfield code="2">fast</subfield><subfield code="0">(OCoLC)fst01204155</subfield></datafield><datafield ind1=" " ind2=" " tag="752"><subfield code="a">United States</subfield><subfield code="b">Ohio</subfield><subfield code="c">Cuyahoga</subfield><subfield code="d">Cleveland.</subfield></datafield><datafield ind1="0" ind2="4" tag="780"><subfield code="t">Sve&#780;t (Cleveland, Ohio)</subfield><subfield code="w">(DLC)sn 83045068</subfield></datafield><datafield ind1="0" ind2="4" tag="780"><subfield code="t">Americ&#780;an (Cleveland, Ohio : 1899)</subfield><subfield code="w">(DLC)sn 83045066</subfield></datafield><datafield ind1="0" ind2="0" tag="785"><subfield code="t">Novy&#769; sve&#780;t</subfield><subfield code="w">(DLC)sn 83045538</subfield><subfield code="w">(OCoLC)9522838</subfield></datafield></record>